% Format for article
\bibitem{1}
Author,A.B. and Author,C. (1992)
Article title.
\textit{Abbreviated Journal Name}, \textbf{5}, 300--330.

% Format for book
\bibitem{2}
Author,D., Author,E.F. and Author,G. (1995)
\textit{Book Title}.
Publisher Name, Publisher Address.

% Format for chapter in book
\bibitem{3}
Author,H. and Author,I. (2005)
Chapter title.
In
Editor,A. and Editor,B. (eds),
\textit{Book Title},
Publisher Name, Publisher Address,
pp.\ 60--80.

% Another article
\bibitem{4}
Author,Y. and Author,Z. (2002)
Article title.
\textit{Abbreviated Journal Name}, \textbf{53}, 500--520.





\bibitem{Schaper2012}
Schaper, E., Kajava, A., Hauser, A. and Anisimova, M. (2012) 
Repeat or not repeat?—Statistical validation of tandem repeat prediction in genomic sequences. 
\textit{Nucleic Acids Research}, \textbf{40}, 10005-10017.

\bibitem{Schaper2014}
Schaper, E., Gascuel, O. and Anisimova, M. (2014) 
Deep Conservation of Human Protein Tandem Repeats within the Eukaryotes. 
\textit{Molecular Biology and Evolution}, \textbf{31}, 1132-1148.

\bibitem{Javadi2013}
Javadi, Y. and Itzhaki, L. (2013) 
Tandem-repeat proteins: regularity plus modularity equals design-ability. 
\textit{Current Opinion in Structural Biology}, \textbf{23}, 622-631.

\bibitem{DiDomenico2013}
Di Domenico, T., Potenza, E., Walsh, I., Gonzalo Parra, R., Giollo, M., Minervini, G., Piovesan, D., Ihsan, A., Ferrari, C. and Kajava, A. et al. (2013) 
RepeatsDB: a database of tandem repeat protein structures. 
\textit{Nucleic Acids Research}, \textbf{42}, D352-D357.

\bibitem{Marcotte1999}
Marcotte, E., Pellegrini, M., Yeates, T. and Eisenberg, D. (1999) 
A census of protein repeats. 
\textit{Journal of Molecular Biology}, \textbf{293}, 151-160.

\bibitem{Anisimova2015}
Anisimova, M., Pe\v{c}erska, J. and Schaper, E. (2015) 
Statistical Approaches to Detecting and Analyzing Tandem Repeats in Genomic Sequences. 
\textit{Frontiers in Bioengineering and Biotechnology}, \textbf{3}.

\bibitem{Schaper2015}
Schaper, E., Korsunsky, A., Pe\v{c}erska, J., Messina, A., Murri, R., Stockinger, H., Zoller, S., Xenarios, I. and Anisimova, M. (2015) 
TRAL: tandem repeat annotation library. 
\textit{Bioinformatics}, \textbf{31}, 3051-3053.

\bibitem{Boutet2016}
Boutet, E., Lieberherr, D., Tognolli, M., Schneider, M., Bansal, P., Bridge, A., Poux, S., Bougueleret, L. and Xenarios, I. (2016) 
UniProtKB/Swiss-Prot, the Manually Annotated Section of the UniProt KnowledgeBase: How to Use the Entry View. 
\textit{Plant Bioinformatics}, \textbf{1374}, 23-54.

\bibitem{Szalkowski2013}
Szalkowski, A. and Anisimova, M. (2013) 
Graph-based modeling of tandem repeats improves global multiple sequence alignment. 
\textit{Nucleic Acids Research}, \textbf{41}, e162-e162.

\bibitem{Ekman2006}
Ekman, D., Light, S., Björklund, Å. and Elofsson, A. (2006) 
\textit{Genome Biology}, \textbf{7}, R45.

\bibitem{Kajava2012}
Kajava, A. (2012)
Tandem repeats in proteins: From sequence to structure. 
\textit{Journal of Structural Biology}, \textbf{179}, 279-288.

\bibitem{Jorda2010}
Jorda, J., Xue, B., Uversky, V. and Kajava, A. (2010) 
Protein tandem repeats - the more perfect, the less structured. 
\textit{FEBS Journal}, \textbf{277}, 2673-2682.

\bibitem{Tompa2003}
Tompa, P. (2003) 
Intrinsically unstructured proteins evolve by repeat expansion. 
\textit{BioEssays}, \textbf{25}, 847-855.

\bibitem{Simon2009}
Simon, M. and Hancock, J. (2009) 
Tandem and cryptic amino acid repeats accumulate in disordered regions of proteins. 
\textit{Genome Biology}, \textbf{10}, R59.

\bibitem{Light2013}
Light, S., Sagit, R., Sachenkova, O., Ekman, D. and Elofsson, A. (2013) 
Protein Expansion Is Primarily due to Indels in Intrinsically Disordered Regions. 
\textit{Molecular Biology and Evolution}, \textbf{30}, 2645-2653.

\bibitem{Li2003}
Li, C., Ng, M., Zhu, Y., Ho, B. and Ding, J. (2003) 
Tandem repeats of Sushi3 peptide with enhanced LPS-binding and -neutralizing activities. 
\textit{Protein Engineering Design and Selection}, \textbf{16}, 629-635.

\bibitem{Usdin2008}
Usdin, K. (2008) 
The biological effects of simple tandem repeats: Lessons from the repeat expansion diseases. 
\textit{Genome Research}, \textbf{18}, 1011-1019.

\bibitem{Madsen2008}
Madsen, B., Villesen, P. and Wiuf, C. (2008) 
Short Tandem Repeats in Human Exons: A Target for Disease Mutations. 
\textit{BMC Genomics}, \textbf{9}, 410.

\bibitem{Dashnow2018}
Dashnow, H., Lek, M., Phipson, B., Halman, A., Sadedin, S., Lonsdale, A., Davis, M., Lamont, P., Clayton, J. and Laing, N. et al. (2018) 
STRetch: detecting and discovering pathogenic short tandem repeat expansions. 
\textit{Genome Biology}, \textbf{19}, 121.

\bibitem{Fertin2015}
Fertin, G., Jean, G., Radulescu, A. and Rusu, I. (2015)
 Hybrid de novo tandem repeat detection using short and long reads. 
\textit{BMC Medical Genomics}, \textbf{8}, S5.

\bibitem{UniProt2017}
The UniProt Consortium (2017)
UniProt: the universal protein knowledgebase. 
\textit{Nucleic Acids Research}, \textbf{45}, D158-D169.
